% Encoding: UTF-8
% Use this file for citations not found in the ACL Anthology (contained in "anthology.bib").


@InProceedings{terdalkar2021sangrahaka,
  author    = {Terdalkar, Hrishikesh and Bhattacharya, Arnab},
  title     = {Sangrahaka: A Tool for Annotating and Querying Knowledge Graphs},
  booktitle = {Proceedings of the 29th ACM Joint Meeting on European Software Engineering Conference and Symposium on the Foundations of Software Engineering},
  year      = {2021},
  series    = {ESEC/FSE 2021},
  pages     = {1520â€“1524},
  address   = {New York, NY, USA},
  publisher = {Association for Computing Machinery},
  doi       = {10.1145/3468264.3473113},
  isbn      = {9781450385626},
  keywords  = {Querying Tool, Knowledge Graph, Annotation Tool},
  location  = {Athens, Greece},
  numpages  = {5},
  url       = {https://doi.org/10.1145/3468264.3473113},
}

@InProceedings{terdalkar2019framework,
  author    = {Terdalkar, Hrishikesh and Bhattacharya, Arnab},
  title     = {Framework for Question-Answering in {S}anskrit through Automated Construction of Knowledge Graphs},
  booktitle = {Proceedings of the 6th International Sanskrit Computational Linguistics Symposium},
  year      = {2019},
  pages     = {97--116},
  address   = {IIT Kharagpur, India},
  month     = oct,
  publisher = {Association for Computational Linguistics},
  url       = {https://aclanthology.org/W19-7508},
}


@Misc{terdalkar2022semantic,
  title     = {Semantic Annotation and Querying Framework based on Semi-structured Ayurvedic Text},
  author    = {Hrishikesh Terdalkar and Arnab Bhattacharya and Madhulika Dubey and Ramamurthy S and Bhavna Naneria Singh},
  year      = {2022},
  eprint    = {2202.00216},
  archivePrefix = {arXiv},
  primaryClass = {cs.IR}
  url       - {https://arxiv.org/pdf/2202.00216.pdf}
}

@Comment{jabref-meta: databaseType:bibtex;}
